@techreport{krishnamurthy2011effects,
  title={The effects of quantitative easing on interest rates: channels and implications for policy},
  author={Krishnamurthy, Arvind and Vissing-Jorgensen, Annette},
  year={2011},
  institution={National Bureau of Economic Research}
}

@article{blinder2010quantitative,
  title={Quantitative Easing: Entrance and Exit Strategies (Digest Summary)},
  author={Blinder, Alan S},
  journal={Federal Reserve Bank of St. Louis Review},
  volume={92},
  number={6},
  pages={465--479},
  year={2010},
  publisher={CFA Institute}
}

@article{joyce2011financial,
  title={The financial market impact of quantitative easing in the United Kingdom},
  author={Joyce, Michael and Lasaosa, Ana and Stevens, Ibrahim and Tong, Matthew and others},
  journal={International Journal of Central Banking},
  volume={7},
  number={3},
  pages={113--161},
  year={2011},
  publisher={Citeseer}
}

@article{ugai2007effects,
  title={Effects of the quantitative easing policy: A survey of empirical analyses},
  author={Ugai, Hiroshi and others},
  journal={Monetary and Economic Studies-Bank of Japan},
  volume={25},
  number={1},
  pages={1},
  year={2007},
  publisher={INSTITUTE FOR MONETARY AND ECONOMIC STUDIES}
}

@article{fawley2013four,
  title={Four stories of quantitative easing},
  author={Fawley, Brett W and Neely, Christopher J and others},
  journal={Federal Reserve Bank of St. Louis Review},
  volume={95},
  number={1},
  pages={51--88},
  year={2013},
  publisher={Federal Reserve Bank of St. Louis}
}

@article{joyce2012quantitative,
  title={Quantitative Easing and Unconventional Monetary Policy--an Introduction*},
  author={Joyce, Michael and Miles, David and Scott, Andrew and Vayanos, Dimitri},
  journal={The Economic Journal},
  volume={122},
  number={564},
  pages={F271--F288},
  year={2012},
  publisher={Wiley Online Library}
}

@article{woodford2001taylor,
  title={The Taylor rule and optimal monetary policy},
  author={Woodford, Michael},
  journal={The American Economic Review},
  volume={91},
  number={2},
  pages={232--237},
  year={2001},
  publisher={JSTOR}
}


@article{kurihara2006relationship,
  title={The relationship between exchange rate and stock prices during the quantitative easing policy in Japan},
  author={Kurihara, Yutaka},
  journal={International Journal of Business},
  volume={11},
  number={4},
  pages={375},
  year={2006},
  publisher={Premier Publishing, Inc.}
}

@article{palley2011quantitative,
  title={Quantitative easing: a Keynesian critique},
  author={Palley, Thomas I},
  journal={investigaci{\'o}n econ{\'o}mica},
  pages={69--86},
  year={2011},
  publisher={JSTOR}
}

@techreport{krishnamurthy2011effects,
  title={The effects of quantitative easing on interest rates: channels and implications for policy},
  author={Krishnamurthy, Arvind and Vissing-Jorgensen, Annette},
  year={2011},
  institution={National Bureau of Economic Research}
}

@article{woodford2001taylor,
  title={The Taylor rule and optimal monetary policy},
  author={Woodford, Michael},
  journal={The American Economic Review},
  volume={91},
  number={2},
  pages={232--237},
  year={2001},
  publisher={JSTOR}
}

@article{economistQEGermany,
  title={QE phobia},
  journal={The Economist},
  date={2015-01-22}
}


@article{ricketts2014rise,
  title={The Rise and (Eventual) Fall in the Fedâ€™s Balance Sheet},
  author={Ricketts, Lowell R and Waller, Christopher J},
  journal={Federal Reserve Bank of St. Louis The Regional Economist},
  volume={22},
  number={1},
  year={2014}
}

